@inproceedings{Moura2022,
  author = {{Moura}, {Jo{\~{a}}o} and Stouraitis, Theodoros and Vijayakumar, Sethu},
  booktitle = {\textbf{IEEE ICRA}},
  title = {\href{https://arxiv.org/pdf/2109.13145}{Non-prehensile Planar Manipulation via Trajectory Optimization with Complementarity Constraints}},
  year = {2022}
}

@inproceedings{Ferrandis2023,
  title = {\href{https://arxiv.org/pdf/2308.02459}{Nonprehensile planar manipulation through reinforcement learning with multimodal categorical exploration}},
  author = {Del Aguila Ferrandis, Juan and Moura, Jo\~{a}o and Vijayakumar, Sethu},
  booktitle = {\textbf{IEEE/RSJ IROS}},
  year = {2023},
}

@inproceedings{Ferrandis2024,
  title = {\href{https://arxiv.org/pdf/2412.13157}{Learning Visuotactile Estimation and Control for Non-prehensile Manipulation Under Occlusions}},
  author = {Del Aguila Ferrandis, Juan and Moura, Jo\~{a}o and Vijayakumar, Sethu},
  booktitle = {\textbf{CoRL}},
  year = {2024},
}

@inproceedings{Aoyama2024,
  title = {Few-Shot Learning of Force-Based Motions From Demonstration Through Pre-training of Haptic Representation},
  author = {Marina Y. Aoyama and Jo\~{a}o Moura and Namiko Saito and Sethu Vijayakumar},
  booktitle = {\textbf{IEEE ICRA}},
  year = {2024},
}

@inproceedings{Aoyama2025,
  title = {\href{https://arxiv.org/pdf/2509.00178}{Poke and Strike: Learning Task-Informed Exploration Policies}},
  author = {Aoyama, Marina and Moura, Jo\~{a}o and Del Aguila Ferrandis, Juan and Vijayakumar, Sethu},
  booktitle = {\textbf{CoRL}},
  year = {2025},
}

@inproceedings{Du2025,
  title = {Efficient Whole-body Model Predictive Control for Online Compliant Dual-arm Mobile Manipulation},
  author = {Du, Wenqian and Long, Ran and Moura, Jo\~{a}o and Wang, Jiayi and Samadi, Saeid and Vijayakumar, Sethu},
  booktitle = {\textbf{Under review}},
  year = {2025},
}


@inproceedings{Peng2018,
  author={Peng, Xue Bin and Andrychowicz, Marcin and Zaremba, Wojciech and Abbeel, Pieter},
  booktitle={\textbf{IEEE ICRA}}, 
  title={Sim-to-Real Transfer of Robotic Control with Dynamics Randomization}, 
  year={2018},
}

@article{Cong2022,
  author={Cong, Lin  and Liang, Hongzhuo  and Ruppel, Philipp  and Shi, Yunlei  and G\"{o}rner, Michael  and Hendrich, Norman  and Zhang, Jianwei},
  title={Reinforcement Learning With Vision-Proprioception Model for Robot Planar Pushing},
  journal={\textbf{Frontiers in Neurorobotics}},
  year={2022},
}

@article{Hogan2020,
  author = {Francois R Hogan and Alberto Rodriguez},
  title ={Reactive planar non-prehensile manipulation with hybrid model predictive control},
  journal = {\textbf{IJRR}},
  year = {2020},
}

@article{Yan2024,
  author = {Yan, Lei and Stouraitis, Theodoros and {Moura}, {Jo\~{a}o} and Xu, Wenfu and Gienger, Michael and Vijayakumar, Sethu},
  % journal = {IEEE Transactions on Robotics}, 
  journal = {\textbf{IEEE T-RO}}, 
  title = {\href{https://arxiv.org/pdf/2403.17249}{Impact-Aware Bimanual Catching of Large-Momentum Objects}},
  year = {2024},
}

@inproceedings{Stouraitis2020b,
  author = {Stouraitis, Theodoros and Yan, Lei and {Moura}, {Jo{\~{a}}o} and Gienger, Michael and Vijayakumar, Sethu},
  % booktitle = {IEEE/RSJ International Conference on Intelligent Robots and Systems (IROS)},
  booktitle = {\textbf{IEEE/RSJ IROS}},
  title = {\href{https://homepages.inf.ed.ac.uk/svijayak/publications/stouraitis-IROS2020.pdf}{Multi-mode Trajectory Optimization for Impact-aware Manipulation}},
  year = {2020}
}

@inproceedings{Leve2024,
  title = {\href{https://arxiv.org/pdf/2408.15726}{Explicit contact optimization in whole-body contact-rich manipulation}},
  author = {Victor Lev{\'e} and Joao Moura and Namiko Saito and Steve Tonneau and Sethu Vijayakumar},
  booktitle = {\textbf{Humanoids}},
  year = {2024},
}

@inproceedings{Leve2025,
  title = {\href{https://arxiv.org/pdf/2508.12980}{Scaling Whole-body Multi-contact Manipulation with Contact Optimization}},
  author = {Victor Lev{\'e} and Joao Moura Sachiya Fujita and Tamon Miyake and Steve Tonneau and Sethu Vijayakumar},
  booktitle = {\textbf{Humanoids}},
  year = {2025},
}

@article{Stouraitis2020a,
  author = {Stouraitis, Theodoros and Chatzinikolaidis, Iordanis and Gienger, Michael and Vijayakumar, Sethu},
  journal = {\textbf{IEEE T-RO}}, 
  title = {\href{https://www.pure.ed.ac.uk/ws/portalfiles/portal/179326897/Online_Hybrid_Motion_STOURAITIS_DOA04042020_VOR_CC_BY.pdf}{Online Hybrid Motion Planning for Dyadic Collaborative Manipulation via Bilevel Optimization}},
  year = {2020},
}

@article{Stouraitis2018,
  author = {Stouraitis, Theodoros and Chatzinikolaidis, Iordanis and Gienger, Michael and Vijayakumar, Sethu},
  journal = {\textbf{CoRL}}, 
  title = {\href{https://proceedings.mlr.press/v87/stouraitis18a/stouraitis18a.pdf}{Dyadic collaborative Manipulation through Hybrid Trajectory Optimization}},
  year = {2018},
  note = {\color{myred}\textbf{[Best System Paper Award Finalist]}},
}